<?xml version="1.0" encoding="UTF-8"?><collection xmlns="http://www.loc.gov/MARC21/slim"><record><leader>00505nam--2200193-u-4500</leader><controlfield tag="001">000053838</controlfield><controlfield tag="002">20161230</controlfield><controlfield tag="005">20161230201051</controlfield><controlfield tag="008">110627s1000------------r-----000-0-rus-d</controlfield><datafield ind1=" " ind2=" " tag="040"><subfield code="a">IFIN-HH</subfield></datafield><datafield ind1=" " ind2=" " tag="041"><subfield code="a">rus</subfield></datafield><datafield ind1=" " ind2=" " tag="080"><subfield code="a">537.632</subfield></datafield><datafield ind1="1" ind2=" " tag="100"><subfield code="a">Kartasev, V.P</subfield></datafield><datafield ind1="1" ind2="0" tag="245"><subfield code="a">Osnovi magnitnoi optiki pucekov zariajennih ceastit</subfield><subfield code="c">V.p. kartasev; v.i. kotov</subfield></datafield><datafield ind1=" " ind2=" " tag="260"><subfield code="a">Moskva</subfield><subfield code="b">Energoatomizdat</subfield><subfield code="c">1984</subfield></datafield><datafield ind1=" " ind2=" " tag="300"><subfield code="a">153P</subfield></datafield><datafield ind1="1" ind2=" " tag="700"><subfield code="a">Kotov, V.I</subfield></datafield><datafield ind1=" " ind2=" " tag="852"><subfield code="a">72591</subfield><subfield code="c">537:538</subfield></datafield><datafield ind1=" " ind2=" " tag="CAT"><subfield code="a">Sys</subfield><subfield code="c">20110627</subfield><subfield code="h">135436</subfield></datafield></record></collection>